A1018362110001        AFFESP ASSOC FUNC FE104CAIXA ECONOMICA FEDE2007042000001104DEB AUTOMAT      1633001000001898PP                           000000 
F0000000002               0368001000004243  20070426000000000000100000040000001                                                  000001        0000010
Z00000300000000000000100                                                                                                                       0000020